%---------------------------%
%   Abstract & Chapter 1    %
%---------------------------% 
@book{ai_modernapproach,
    title = {Artificial Intelligence, A Modern Approach 3e},
    author = {{Stuart J. Russell and Peter Norvig}},
    isbn = {9780136042594},
    year = {2009},
    publisher = {Pearson},
    keywords = {ai, ml, nlp, agents}
}

@misc{statista_email,
    author = {{Joseph Johnson}},
    title = {{Daily number of emails worldwide}},
    url  = {{https://www.statista.com/statistics/456500/daily-number-of-e-mails-worldwide/}},
    year = {{2021}}
}

@misc{statistics_whatsapp,
    author = {{Ying Lin}},
    title = {{10 WhatsApp Statistics Every Marketer Should Know in 2021 [Infographic]}},
    url  = {{https://www.oberlo.com/blog/whatsapp-statistics}},
    year = {{2021}}
}

@misc{statistics_facebook,
    author = {{Christina Newberry}},
    title = {{47 Facebook Stats That Matter to Marketers in 2021}},
    url  = {{https://blog.hootsuite.com/facebook-statistics/}},
    year = {{2021}}
}

@misc{ionos_nlp,
    author = {{Ionos}},
    title = {{Che cos’è l’elaborazione del linguaggio naturale?}},
    url  = {{https://www.ionos.it/digitalguide/online-marketing/vendere-online/come-funziona-lelaborazione-del-linguaggio-naturale/}},
    year = {{2019}}
}

@misc{primer_whynlp,
    author = {{Primer.ai}},
    title = {{What is NLP and Why Do You Need It?}},
    url  = {{https://primer.ai/blog/what-is-nlp-and-why-do-you-need-it/}},
    year = {{2021}}
}

@misc{sas_whynlp,
    author = {{SAS}},
    title = {{Natural Language Processing (NLP). What it is and why it matters}},
    url  = {{https://www.sas.com/en_us/insights/analytics/what-is-natural-language-processing-nlp.html}},
    year = {{2021}}
}

@misc{wef_dataperday,
    author = {{Jeff Desjardins}},
    title = {{How much data is generated each day?}},
    url = {{https://www.weforum.org/agenda/2019/04/how-much-data-is-generated-each-day-cf4bddf29f/}},
    year = {{2019}}
}

%---------------------------%
%        Chapter 2          %
%---------------------------%
@misc{niklasdonges_nlp,
    author = {{Niklas Donges}},
    title = {{Introduction to NLP}},
    url  = {{https://builtin.com/data-science/introduction-nlp}},
    year = {{2019}}
}

@misc{andreaminimi_analisilessicale,
    author = {{Andrea Minimi}},
    title = {{Analisi lessicale del testo }},
    url  = {{https://www.andreaminini.com/semantica/analisi-lessicale/}},
}

@misc{unica_sintassi_semantica_pragmatica,
    author = {{Gianpietro Storari}},
    title = {{Sintassi Semantica Pragmatica}},
    url  = {{https://people.unica.it/gianpietrostorari/files/2020/04/sintassi-semantica-pragmatica-pdf-copia.pdf}},
    year = {{2020}}
}


%----------------------------%
% Chapter 2: Neural Networks %
%----------------------------%
@article{10.1093/mind/LIX.236.433,
    author = {TURING, A. M.},
    title = "{I.—COMPUTING MACHINERY AND INTELLIGENCE}",
    journal = {Mind},
    volume = {LIX},
    number = {236},
    pages = {433-460},
    year = {1950},
    month = {10},
    issn = {0026-4423},
    doi = {10.1093/mind/LIX.236.433},
    url = {https://doi.org/10.1093/mind/LIX.236.433},
    eprint = {https://academic.oup.com/mind/article-pdf/LIX/236/433/30123314/lix-236-433.pdf},
}

@book{chomsky2002syntactic,
  title={Syntactic Structures},
  author={Chomsky, N. and Lightfoot, D.W.},
  isbn={9783110172799},
  lccn={2002043087},
  series={De Gruyter Reference Global},
  url={https://books.google.it/books?id=a6a\_b-CXYAkC},
  year={2002},
  publisher={Mouton de Gruyter}
}


%---------------------------%
% Chapter 2: Lang Modeling  %
%---------------------------%
@misc{mandardeshpande_langmodeling,
    author = {{Mandar Deshpande}},
    title = {{Language Modeling}},
    url  = {{https://towardsdatascience.com/language-modeling-c1cf7b983685}},
    year = {{2020}}
}

@misc{benlutkevich_langmodeling,
    author = {{Ben Lutkevich}},
    title = {{Language Modeling}},
    url  = {{https://www.techtarget.com/searchenterpriseai/definition/language-modeling}},
    year = {{2020}}
}

@misc{aravindcr_wordembedding,
    author = {{Aravind CR}},
    title = {{Word Embeddings in NLP | Word2Vec | GloVe | fastText}},
    url  = {{https://medium.com/analytics-vidhya/word-embeddings-in-nlp-word2vec-glove-fasttext-24d4d4286a73}},
    year = {{2020}}
}

@misc{dmitriyselivanov_gloveembedding,
    author = {{Dmitriy Selivanov}},
    title = {{GloVe Word Embeddings}},
    url  = {{http://text2vec.org/glove.html }},
    year = {{2020}}
}

@misc{mikolov2013efficient,
      title={Efficient Estimation of Word Representations in Vector Space}, 
      author={Tomas Mikolov and Kai Chen and Greg Corrado and Jeffrey Dean},
      year={2013},
      eprint={1301.3781},
      archivePrefix={arXiv},
      primaryClass={cs.CL}
}

@article{bow_article,
    author = {Zhang, Yin and Jin, Rong and Zhou, Zhi-Hua},
    year = {2010},
    month = {12},
    pages = {43-52},
    title = {Understanding bag-of-words model: A statistical framework},
    volume = {1},
    journal = {International Journal of Machine Learning and Cybernetics},
    doi = {10.1007/s13042-010-0001-0}
}

@misc{skipgram,
    author = {{McCormick, C.}},
    title = {{Word2Vec Tutorial - The Skip-Gram Model}},
    url = {{http://mccormickml.com/2016/04/19/word2vec-tutorial-the-skip-gram-model/}},
    year = {{2016}}
}

@misc{jayalammar_illustratedbert,
    author = {{Jay Alammar}},
    title = {{The Illustrated BERT, ELMo, and co. (How NLP Cracked Transfer Learning)}},
    url  = {{https://jalammar.github.io/illustrated-bert/}},
    year = {{2018}}
}

@inproceedings{NIPS2015_f442d33f,
 author = {Kiros, Ryan and Zhu, Yukun and Salakhutdinov, Russ R and Zemel, Richard and Urtasun, Raquel and Torralba, Antonio and Fidler, Sanja},
 booktitle = {Advances in Neural Information Processing Systems},
 editor = {C. Cortes and N. Lawrence and D. Lee and M. Sugiyama and R. Garnett},
 pages = {},
 publisher = {Curran Associates, Inc.},
 title = {Skip-Thought Vectors},
 url = {https://proceedings.neurips.cc/paper/2015/file/f442d33fa06832082290ad8544a8da27-Paper.pdf},
 volume = {28},
 year = {2015}
}

@misc{henderson2017efficient,
      title={Efficient Natural Language Response Suggestion for Smart Reply}, 
      author={Matthew Henderson and Rami Al-Rfou and Brian Strope and Yun-hsuan Sung and Laszlo Lukacs and Ruiqi Guo and Sanjiv Kumar and Balint Miklos and Ray Kurzweil},
      year={2017},
      eprint={1705.00652},
      archivePrefix={arXiv},
      primaryClass={cs.CL}
}

@article{Hochreiter1997LongSM,
  title={Long Short-Term Memory},
  author={Sepp Hochreiter and J{\"u}rgen Schmidhuber},
  journal={Neural Computation},
  year={1997},
  volume={9},
  pages={1735-1780}
}

%---------------------------%
%    Embeddings Articles    %
%---------------------------%
@inproceedings{pennington-etal-2014-glove,
    title = {{{G}lo{V}e: Global Vectors for Word Representation}},
    author = {{Pennington, Jeffrey  and
      Socher, Richard  and
      Manning, Christopher}},
    booktitle = {{Proceedings of the 2014 Conference on Empirical Methods in Natural Language Processing ({EMNLP})}},
    month = oct,
    year = {{2014}},
    address = {{Doha, Qatar}},
    publisher = {{Association for Computational Linguistics}},
    url = {{https://aclanthology.org/D14-1162}},
    doi = {{10.3115/v1/D14-1162}},
    pages = {{1532--1543}},
}

@article{devlin2019bert,
      title={BERT: Pre-training of Deep Bidirectional Transformers for Language Understanding}, 
      author={Jacob Devlin and Ming-Wei Chang and Kenton Lee and Kristina Toutanova},
      year={2019},
      eprint={1810.04805},
      archivePrefix={arXiv},
      primaryClass={cs.CL}
}

@article{cer2018universal,
      title={Universal Sentence Encoder},
      author={Daniel Cer and Yinfei Yang and Sheng-yi Kong and Nan Hua and Nicole Limtiaco and Rhomni St. John and Noah Constant and Mario Guajardo-Cespedes and Steve Yuan and Chris Tar and Yun-Hsuan Sung and Brian Strope and Ray Kurzweil},
      year={2018},
      eprint={1803.11175},
      archivePrefix={arXiv},
      primaryClass={cs.CL}
}

@misc{vaswani2017attention,
      title={Attention Is All You Need}, 
      author={Ashish Vaswani and Noam Shazeer and Niki Parmar and Jakob Uszkoreit and Llion Jones and Aidan N. Gomez and Lukasz Kaiser and Illia Polosukhin},
      year={2017},
      eprint={1706.03762},
      archivePrefix={arXiv},
      primaryClass={cs.CL}
}

%---------------------------%
%   Distribute hypotesis    %
%---------------------------%
@article{distributional_structure,
    author={{Zellig S. Harris}},
    title={Distributional Structure},
    journal={WORD},
    volume={10},
    number={2-3},
    pages={146-162},
    year={1954},
    publisher={Routledge},
    doi={10.1080/00437956.1954.11659520},
    URL={https://doi.org/10.1080/00437956.1954.11659520},
    eprint={https://doi.org/10.1080/00437956.1954.11659520}
}

%---------------------------%
%        Chapter 3          %
%---------------------------%
@misc{distributedsystem_stackpath,
    title = {What is a Distributed System?},
    author = {{Robert Gibb}},
    url = {{https://blog.stackpath.com/distributed-system/}},
    year = {{2019}}
}

@misc{distributedsystem_wikipedia,
    title = {Distributed computing},
    url = {{https://en.wikipedia.org/wiki/Distributed_computing}}
}

@inproceedings{pub62_mapreduce,
    title	= {MapReduce: Simplified Data Processing on Large Clusters},
    author	= {{Jeffrey Dean and Sanjay Ghemawat}},
    year	= {2004},
    booktitle	= {OSDI'04: Sixth Symposium on Operating System Design and Implementation},
    pages	= {137--150},
    address	= {San Francisco, CA}
}

@misc{shikshadahiya_sparkhistory,
    author = {{Shiksha Dahiya}},
    title = {{Apache Spark History}},
    url = {{https://www.programsbuzz.com/article/apache-spark-history}},
    year = {{2021}}
}

@misc{spark_dag,
    author = {{DataFlair}},
    title = {{Directed Acyclic Graph DAG in Apache Spark}},
    url = {{https://data-flair.training/blogs/dag-in-apache-spark/}},
    year = {{2017}}
}

@misc{spark_trgkls,
    author = {{Turgut K.}},
    title = {{Che cosè Apache Spark? Dove si utilizza?}},
    url  = {{https://trgtkls.org/dal-web/che-cose-apache-spark-dove-si-utilizza/}},
    keywords = {{spark, apache, distributed, ml}}
}

@misc{hadoop_projectpro,
    author = {{ProjectPro.io}},
    title = {Hadoop Explained: How does Hadoop work and how to use it?},
    url  = {{https://www.projectpro.io/article/hadoop-explained-how-does-hadoop-work-and-how-to-use-it/237}}
}

@misc{hadoop_javatpoint,
    author = {{Javatpoint}},
    title = {{What is Hadoop }},
    url  = {{https://www.javatpoint.com/what-is-hadoop}},
    keywords = {{apache, distributed, ml}}
}

@misc{hadoop_ucberkeley,
    author = {{UC Berkeley Extension}},
    title = {{Hadoop: How It Is Used and Its Benefits to Business}},
    url = {{https://bootcamp.berkeley.edu/blog/hadoop-uses-and-benefits/}},
    year = {{2021}}
}

@misc{hadoop_aws,
    author = {{Amazon Web Services}},
    title = {{What is Hadoop?}},
    url = {{https://aws.amazon.com/it/emr/details/hadoop/what-is-hadoop/}},
}

@misc{,
    author = {{Sarfaraz Hussain}},
    title = {{Understanding how Spark runs on YARN with HDFS}},
    url = {{https://blog.knoldus.com/understanding-how-spark-runs-on-yarn-with-hdfs/}},
    year = {{2019}}
}

%---------------------------%
%        Chapter 4          %
%---------------------------%
@inbook{textclassificationproblem_stanford,
    author = {Christopher D. Manning and Prabhakar Raghavan and Hinrich Schütze},
    title = {{Introduction to Information Retrieval}},
    publisher = {{Cambridge University Press}},
    year = {{2008}},
    chapter = {{13.1}}
}

@misc{monkeylearn_textclassification,
    author = {{MonkeyLearn}},
    title = {{What Is Text Classification?}},
    url  = {{https://monkeylearn.com/what-is-text-classification/}}
}

%---------------------------%
%        Chapter 5          %
%---------------------------%
@INPROCEEDINGS{Galliano09theester,
    author = {Sylvain Galliano and Guillaume Gravier and Laura Chaubard},
    title = {The ester 2 evaluation campaign for the rich transcription of french radio broadcasts},
    booktitle = {In In: Proceddings of Interspeech, Brighton (United Kingdom},
    year = {2009}
}

@inproceedings{Doddington2004TheAC,
  title={The Automatic Content Extraction (ACE) Program - Tasks, Data, and Evaluation},
  author={George R. Doddington and Alexis Mitchell and Mark A. Przybocki and Lance A. Ramshaw and Stephanie Strassel and Ralph M. Weischedel},
  booktitle={LREC},
  year={2004}
}

@misc{monkeylearn_ner,
    author = {{MonkeyLearn}},
    title = {{Named Entity Recognition}},
    url  = {{https://monkeylearn.com/blog/named-entity-recognition/}}
}

@misc{gfg_ner,
    author = {{GeeksforGeeks}},
    title = {{Named Entity Recognition}},
    url  = {{https://www.geeksforgeeks.org/named-entity-recognition/}},
    year = {{2021}}
}

@misc{koraytugberk_ner,
    author = {{Koray Tuğberk GÜBÜR}},
    title = {{Named Entity Recognition: Definition, Examples, and Guide}},
    url  = {{https://www.bytesview.com/blog/named-entity-extraction-concept-tools-tutorials/}},
    year = {{2021}}
}

@misc{ravishchawla_crf,
    author = {{Ravish Chawla}},
    title = {{Overview of Conditional Random Fields}},
    url  = {{https://medium.com/ml2vec/overview-of-conditional-random-fields-68a2a20fa541}},
    year = {{2017}}
}

@misc{jsl_workshop_ner_bert,
    author = {{John Snow Labs}},
    title = {{NER with BERT in Spark NLP}},
    url  = {{https://github.com/JohnSnowLabs/spark-nlp-workshop/blob/master/tutorials/blogposts/3.NER_with_BERT.ipynb}},
    year = {{2021}}
}

@misc{jsl_workshop_nerdl,
    author = {{John Snow Labs}},
    title = {{Named Entity Recognition (NER) DL Training}},
    url  = {{https://github.com/JohnSnowLabs/spark-nlp-workshop/blob/master/tutorials/Certification_Trainings/Public/4.NERDL_Training.ipynb}},
    year = {{2021}}
}